
#### Manual

Abusharaf, R. M. "Virtuous Cuts: Female Genital Circumcision in an African Ontology." differences: A Journal of Feminist Cultural Studies, vol. 12 no. 1, 2001, pp. 112-140. Project MUSE, muse.jhu.edu/article/9613.
@article{Abus01,
	author = {{Abusharaf, R. M.}},
	year = {2001},
	title = {Virtuous Cuts: Female Genital Circumcision in an African Ontology.},
	journal = {differences: A Journal of Feminist Cultural Studies},
	volume = {12},
	number = {1},
	pages = {112-140},
}

Accad:  http://search1.scholarsportal.info.libaccess.lib.mcmaster.ca/ids70/view_record.php?id=8&recnum=0&log=from_res&SID=e25fc701fb552aab7f92bccbbe1d1413&mark_id=search%3A8%3A50%2C0%2C10 Between rites and rights]

Ajzen I (1991) The theory of planned behavior. Organizational Behavior and Human Decision Processes 50: 179–211
@article {Ajze91,
	author = {{Ajzen I}},
	year = {1991},
	title = {The theory of planned behavior.},
	journal = {Organizational Behavior and Human Decision Processes},
	volume = {50},
	pages = {179–211},
}

Ajzen I (2002) Perceived behavioral control, self-efficacy, locus of control, and the theory of planned behavior. Journal of Applied Social Psychology 32: 665–683.
@article {Ajze02,
	author = {{Ajzen I}},
	year = {2002},
	title = {Perceived behavioral control, self-efficacy, locus of control, and the theory of planned behavior.},
	journal = {Journal of Applied Social Psychology},
	volume = {9},
	pages = {665-683},
}

Aliaga, Alfredo and Ruilin Ren. 2006. Optimal Sample Sizes for Two-stage Cluster Sampling in Demographic and Health Surveys. DHS Working Papers No. 30. Calverton, Maryland, USA: ORC Macro.
@book {AliaRen06,
	author = {{Alfredo Aliaga and Ruilin Ren}},
	year = {2006},
	title = {Optimal Sample Sizes for Two-stage Cluster Sampling in Demographic and Health Surveys.},
	publisher = "ORC Macro",
	address = "Calverton, Maryland, USA",
}

Andro, A. & Lesclingand, M. (2016). Les mutilations génitales féminines. État des lieux et des connaissances. Population, vol. 71,(2), 217-296. https://www.cairn.info/revue-population-2016-2-page-224.htm.
@article {AdnrLesc16,
	author = {{Andro, A. & Lesclingand, M}},
	year = {2016},
	title = {Female Genital Mutilation. Overview and Current Knowledge. Translated by Madeleine Grieve
and Paul Reeve},
	journal = {Population},
	volume = {71},
	number = {2},
	pages = {217-296},
}

Barnett, Michael, and RaymondDuvall, eds. 2005. Power in Global Governance. Cambridge: Cambridge University Press
@book {BarnRaym05,
	author = {{Barnett, Michael, and RaymondDuvall (eds)}},
	year = {2005},
	title = {Power in Global Governance.},
	publisher = "Cambridge University Press",
	address = "Cambridge",
}

[https://www.sciencedirect.com/science/article/pii/S0304387815000620]***
@article {BellNova15,
	author = {{Marc F. Bellemarea, Lindsey Novaka, Tara L.Steinmetz}},
	year = {Sep 2015},
	title = {All in the family: Explaining the persistence of female genital cutting in West Africa.},
	journal = {Journal of Development Economics},
	volume = {116},
	pages = {252-265},
}

Berg, Rigmor C., Denison, Eva.  Interventions to reduce the prevalence of female genital mutilation/cutting in African countries
@article {BergDeni12a,
	author = {{Berg, Rigmor C., Denison, Eva}},
	year = {2012},
	title = {Interventions to reduce the prevalence of female genital mutilation/cutting in African countries.},
	publisher = "Campbell Systematic Reviews 2012",
}

Bicchieri, C. (2005) The Grammar of Society: The Nature and Dynamics of Social Norms. Cambridge University Press
@book {Bicc05,
	author = {{Cristina Bicchieri}},
	year = {2005},
	title = {The Grammar of Society: The Nature and Dynamics of Social Norms.},
	publisher = "Cambridge University Press",
	address = "Cambridge",
}

Bicchieri:  [http://upenn.academia.edu/CristinaBicchieri/Papers/91073/Do_the_right_thing_But_only_if_others_do_so Do the right thing]

Bicchieri:  [http://ppe.sagepub.com/content/9/3/297.abstract?rss=1 ] Norms, preferences, and conditional behavior
@article {Bicc10,
	author = {{Cristina Bicchieri}},
	year = {2010},
	title = {Norms, preferences, and conditional behavior.},
	journal = {Politics Philosophy Economics},
	volume = {9},
	number = {3},
	pages = {297},
}

Bicchieri, C., and R Muldoon (2011). [http://plato.stanford.edu.libaccess.lib.mcmaster.ca/archives/spr2011/entries/social-norms/ Social norms] (March 1, 2011) 

Bicchieri, C https://www.academia.edu/8260672/Measuring_Social_Norms_UNICEF_Lecture_2014

Female Genital Cutting: Fundamentals, Social Expectations and Change
C Bicchieri, A Marini - 2015 - mpra.ub.uni-muenchen.de MPRA Paper No. 72927, posted 11 August 2016 10:15 UTC
@article {BiccMari16,
	author = {{Cristina Bicchieri and A Marini}},
	year = {2016},
	title = {Female Genital Cutting: Fundamentals, Social Expectations and Change.},
	journal = {MPRA Paper},
	online = {Online at https://mpra.ub.uni-muenchen.de/72927/},
}
Birch/Abril, Nicholas (2008-01-04). "[http://www.time.com/time/world/article/0,8599,1700191,00.html An End to Female Genital Cutting?]". Time Magazine. Retrieved May 16, 2011.

Boddy: Body Politics: Continuing the Anticircumcision Crusade: http://dx.doi.org/10.1525/maq.1991.5.1.02a00020
@article {Bodd91,
	author = {{Boddy, Janice}},
	year = {1991},
	title = {Body Politics: Continuing the Anticircumcision Crusade.},
	journal = {Medical Anthropology Quarterly},
	volume = {5},
	number = {1},
	pages = {15-17},
}

Boyle, Elizabeth Heger, Female Genital Cutting: Cultural Conflict in the Global Community
@book {Boyl02,
	author = {{Boyle, Elizabeth Heger}},
	year = {2002},
	title = {Female Genital Cutting: Cultural Conflict in the Global Community.},
	publisher = "John Hopkins University Press.",
	address = "Baltimore, MD",
}

[http://journals1.scholarsportal.info.libaccess.lib.mcmaster.ca/details-sfx.xqy?uri=/02685809/v17i0001/5_lctin.xml Boyle]
@article {BoylMcMo02,
	author = {{Elizabeth Boyle; Barbara McMorris; Mayra Gómez}},
	year = {March 2002},
	title = {Local Conformity to International Norms: The Case of Female Genital Cutting.},
	journal = {International Sociology},
	volume = {17},
	number = {1},
	pages = {5-33},
}

[http://search.proquest.com.libaccess.lib.mcmaster.ca/docview/856404346?accountid=12347 Boyle.]
@article {BoylCorl010,
	author = {{Elizabeth Heger Boyle and Amelia Cotton Corl}},
	year = {2010},
	title = {Law and Culture in a Global Context: Interventions to Eradicate Female Genital Cutting.},
	journal = {Annu. Rev. Law Soc. Sci},
	volume = {6},
	pages = {195-215},
}

Giulia Camilotti, Interventions to Stop Female Genital Cutting and the Evolution of the Custom: Evidence on Age at Cutting in Senegal, Journal of African Economies, Volume 25, Issue 1, January 2016, Pages 133–158, https://doi.org/10.1093/jae/ejv013
@article {Cami16,
	author = {{Giulia Camilotti}},
	year = {January 2016},
	title = {Interventions to Stop Female Genital Cutting and the Evolution of the Custom: Evidence on Age at Cutting in Senegal.},
	journal = {Journal of African Economies},
	volume = {25},
	Issue = {1},
	pages = {133–158},
}

[http://search.proquest.com.libaccess.lib.mcmaster.ca/docview/815599603?accountid=12347 Boyl]
@article {BoylCarb06,
	author = {{Boyle, Elizabeth Heger ; Carbone-Lopez, Kristin}},
	year = {Dec 2006},
	title = {Movement Frames and African Women's Explanations for Opposing Female Genital Cutting.},
	journal = {International Journal of Comparative Sociology},
	volume = {47},
	number = {6},
	pages = {435-465},
}

Chege, Jane Njeri, Ian Askew and Jennifer Liku, ‚ÄòAn Assessment of the Alternative Rites Approach for Encouraging Abandonment of Female Genital Mutilation in Kenya‚Äô, FRONTIERS Final Report, Population Council, Washington, D.C., September 2001, pp. 42-44.**
@article {ChudHenr11,
	author = {{Chege, Jane Njeri, Ian Askew and Jennifer Liku,}},
	year = {2001},
	title = {Assessment of the Alternative Rites Approach for Encouraging Abandonment of Female Genital Mutilation in Kenya.},
	journal = {FRONTIERS Final Report},
	volume = {15},
	number = {5},
	pages = {42-44},
	publisher = "Population Council, Washington, D.C.",
}

J. N. Chege, I. Askew, S. Igras, and J. K. Mutesh, Testing the Effectiveness of Integrating Community-Based Approaches for Encouraging Abandonment of Female Genital Cutting into CARE's Reproductive Health Programs in Ethiopia and Kenya. Population Council in Frontiers in Reproductive Health, USAID, 2004.
@article {ChegAske04,
	author = {{J. N. Chege, I. Askew, S. Igras, and J. K. Mutesh.}},
	year = {2004},
	title = {Testing the Effectiveness of Integrating Community-Based Approaches for Encouraging Abandonment of Female Genital Cutting into CARE's Reproductive Health Programs in Ethiopia and Kenya.},
	publisher = "Population Council in Frontiers in Reproductive Health, USAID.",
}


Dagne, Haile Gabriel (2009). Ethiopia: Social dynamics of abandonment of harmful practices. Experiences in four locations, Innocenti Working Papers no. 2009-07,
@article {Dagn09,
	author = {{Dagne, Haile Gabriel.}},
	year = {2009},
	title = {Ethiopia: Social dynamics of abandonment of harmful practices. Experiences in four locations.},
	publisher = "Innocenti Working Papers no. 2009-07.",
}


Maciej Chudek; Joseph Henrich.  Culture–gene coevolution, norm-psychology and the emergence of human prosociality Trends in Cognitive Sciences (May 2011), 15 (5), pg. 218-226 [http://resolver.scholarsportal.info/resolve/13646613/v15i0005/218_ccnateohp]
@article {ChudHenr11,
	author = {{Maciej Chudek; Joseph Henrich}},
	year = {2011},
	title = {Culture–gene coevolution, norm-psychology and the emergence of human prosociality Trends.},
	journal = {Cognitive Sciences},
	volume = {15},
	number = {5},
	pages = {218-226},
}

Dellenborg, Liselott .  A Reflection on the Cultural Meanings of Female Circumcision. Experiences from Fieldwork in Casamance, Southern Senegal.
@article {Dell04,
	author = {{Liselott Dellenborg}},
	year = {2004},
	title = {A Reflection on the Cultural Meanings of Female Circumcision. Experiences from Fieldwork in Casamance, Southern Senegal. in S Arnfred (Ed.), Re-thinking sexualities in Africa, pp. 79-96.},
	publisher = "Nordiska Afrikaininstitutet",
	address = "Stockholm",
}

Drolet, Julie (2011).  Integrating culture, gender, and human rights:  supporting community-level strategies to eradicate female genital mutilatino/cutting FGM/C) in Africa.  The Heart of Justice: Social Work Innovations in Africa, Winter 2011, Vol. 17 Issue 1, p54-64.** 
@article {Drol11,
	author = {{Drolet, Julie}},
	year = {2011},
	title = {Integrating culture, gender, and human rights:  supporting community-level strategies to eradicate female genital mutilatino/cutting FGM/C) in Africa.},
	journal = {The Heart of Justice: Social Work Innovations in Africa},
	volume = {17},
	number = {1},
	pages = {54-64},
}

Freymeyer, Robert H.; Johnson, Barbara E. (2007).[http://search3.scholarsportal.info/ids70/view_record.php?id=14&rezcnum=2&log=from_res&SID=4ec690521881bc2dddac7f082bd7170b&mark_id=search%3A14%3A65%2C0%2C5]
@article {FreyJohb07,
	author = {{Freyimeyer, Robert H.; Johnson, Barbara E.}},
	year = {2007},
	title = {An exploration of attitudes toward female genital cutting in Nigeria.},
	journal = {Population Research and Policy Review},
	volume = {26},
	number = {1},
	pages = {69-83},
}

Gruenbaum E (2001) The female circumcision controversy: an anthropological perspective: University of Pennsylvania Press.
@book {Grue01,
	author = {{Gruenbaum E}},
	year = {2001},
	title = {The female circumcision controversy: an anthropological perspective.},
	publisher = "University of Pennsylvania Press",
	address = "Philadelphia",
}

Gruenbaum, Ellen. 
@article {Grue05manual,
	author = {{Gruenbaum, Ellen}},
	year = {2005},
	title = {Socio-Cultural Dynamics of Female Genital Cutting: Research Findings, Gaps, and Directions.},
	journal = {Culture, Health & Sexuality},
	volume = {7},
	number = {5},
	pages = {429-441},
}

Guo, Guang and Hongxin Zhao. 2000. "Multilevel Modeling for Binary Data."Annual Review of Sociology 26:441-62.
@book {GuoZhao00,
	author = {{Guo, Guang and Hongxin Zhao}},
	year = {2000},
	title = {Multilevel Modeling for Binary Data.},
	journal = {Annual Review of Sociology},
	volume = {26},
	pages = {441-62},
}

Hodgson, Dorothy, ed. 2011. "‘These Are Not Our Priorities’: Maasai Women, Human Rights, and the Problem of Culture." In Gender and Culture at the Limit of Rights, 138–157. Philadelphia: University of Pennsylvania Press.
@book {Hodg11,
	author = {{Hodgson, Dorothy}},
	year = {2011},
	title = {Gender and Culture at the Limit of Rights.},
	publisher = "University of Pennsylvania Press",
	address = "Philadelphia",
}

Common: Global governance and the politics of culture: Campaigns against female circumcision in East Africa  (2014)  Gender, Place and Culture,  21  (2) , pp. 244-261. 
@article {Koom14,
	author = {{Koomen, Jonneke}},
	year = {2014},
	title = {Global governance and the politics of culture: Campaigns against female circumcision in East Africa.},
	journal = {Gender, Place and Culture},
	volume = {21},
	number = {2},
	pages = {244-261},
}

Imoh, Afua Twum-Danso. 2013. "[http://isw.sagepub.com/content/56/1/37.abstract Rites vs rights: Female genital cutting at the crossroads of local values and global norms.]"
@book {Imoh13,
	author = {{Imoh, Afua Twum-Danso}},
	year = {Jan 2013},
	title = {Rites vs rights: Female genital cutting at the crossroads of local values and global norms.},
	journal = {International Social Work},
	volume = {56},
	number = {1},
	pages = {37-50},
}

Inglehart, Ronald and Baker, Wayne E. (2000) ‘Modernization, Cultural Change,
and the Persistence of Traditional Values’, American Sociological Review 65: 19–51.
@article {InglBake00,
	author = {{Inglehart, Ronald and Baker, Wayne E.}},
	year = {1998},
	title = {Modernization, Cultural Change, and the Persistence of Traditional Values.},
	journal = {American Sociological Review},
	volume = {65},
	pages = {19-51},
}

James, Stanlie. 2002. "Reflections Around Female Genital Cutting." In Genital Cutting and Transnational Sisterhood: Disputing U.S. Polemics, edited by StanlieJames, and ClaireRobertson, 87–113. Urbana/Chicago: University of Illinois Press.
@article {Jame02,
	author = {{James, Stanlie}},
	year = {2002},
	title = {Reflections Around Female Genital Cutting.},
	editors = {In Genital Cutting and Transnational Sisterhood: Disputing U.S. Polemics. edited by StanlieJames, and ClaireRobertson, 87–113.},
	publisher = "University of Illinois Press",
	address = "Urbana/Chicago",
}

Kenya National Bureau of Statistics (KNBS) and ICF Macro. 2010. Kenya Demographic and Health Survey 2008-09. Calverton, Maryland: KNBS and ICF Macro.
@book {KNBS10,
	author = {{Kenya National Bureau of Statistics (KNBS) and ICF Macro}},
	year = {2010},
	title = {Kenya Demographic and Health Survey 2008-09},
	publisher = "KNBS and ICF Macro",
	address = "Calverton, Maryland",
}

Government of Kenya: Children’s Bill. Kenya Gazette Supplement No. 18 (Bill No. 4); 2001. Available from: http://www1.chr.up.ac.za/undp/domestic/docs/legislation_03.pdf.
@book {KENG01,
	author = {{Government of Kenya}},
	year = {2001},
	title = {Government of Kenya: Children’s Bill. Kenya Gazette Supplement No. 18 (Bill No. 4)},
	publisher = "Government of Kenya",
	address = "Kenya"
}

Khasakhala, Anne, ‚ÄòFinal Report for a Study on Social Dynamics of Abandonment of Harmful Practices Relating to Alternative Rite of Passage (ARP) and Intergenerational Dialogue (IGD) as Strategies Aimed at Eliminating Female Genital Mutilation/Cutting (FGM/C) in Kenya‚Äô (internal publication), Presented to the UNICEF Kenya Country Office and submitted to UNICEF IRC, Florence, 2008.

Khaja:  [http://journals1.scholarsportal.info.libaccess.lib.mcmaster.ca/details/00208728/v52i0006/727_fgc.xml African women speak out]
@article {KhahBark09,
	author = {{Khadija Khaja, Carenlee Barkdull, Marva Augustine and Dianne Cunningham}},
	year = {2009},
	title = {Female genital cutting : African women speak out},
	journal = {International Social Work},
	volume = {52},
	number = {6},
	pages = {727-741},
}

Lewis, Hope, Female Genital Mutilation and Female Genital Cutting. Encyclopedia of Human Rights, Vol. 2, pp. 200-213, 2009 ; Northeastern University School of Law Research Paper No. 40-2009.
@article {Lewi09,
	author = {{Lewis, Hope}},
	year = {2009},
	title = {Female Genital Mutilation and Female Genital Cutting. Encyclopedia of Human Rights.},
	journal = {Northeastern University School of Law Research Paper},
	volume = {2},
	number = {40},
	pages = {200-213},
}

Lewis, Hope.  Between Irua and "Female Genital Mutilation": Feminist Human Rights Discourse and the Cultural Divide
@article {Lewi95,
	author = {{Hope Lewis}},
	year = {1995},
	title = {Between Irua and "Female Genital Mutilation": Feminist Human Rights Discourse and the Cultural Divide.},
	journal = {Harvard Human Rights Journal},
	volume = {8},
	number = {1},
	pages = {1-55},
}


Mackie, Gerry (1996). [[Image:Mackie.fgc.pdf]] Ending Footbinding and Infibulation: A convention account.  American Sociological Review, vol. 61, no. 6, December 1996, pp. 999-1017.
@article {Mack96,
	author = {{Mackie, Gerry}},
	year = {1996},
	title = {Ending Footbinding and Infibulation: A convention account.},
	journal = {American Sociological Review},
	volume = {61},
	number = {6},
	pages = {999-1017},
}

Mackie, Gerry. "Female genital cutting: the beginning of the end." in Female "Circumcision" in Africa: Culture, Controversy, and Change, B. Shell-Duncan and Y. Hernlund, Eds. Boulder, Colorado, Lynne Rienner (2000): 253-282.
@article {Mack00,
	author = {{Mackie, Gerry}},
	year = {2000},
	title = {Female genital cutting: the beginning of the end.},
	editors = {in Female "Circumcision" in Africa: Culture, Controversy, and Change, B. Shell-Duncan and Y. Hernlund eds, pp. 253-282"},
	publisher = "Lynne Rienner",
	address = "Boulder, Colorado",
}

Gerry Mackie and John LeJeune (2008), ‘Social Dynamics of Abandonment of Harmful Practices: A New Look at the Theory’, Innocenti Working Paper No. XXX. Florence.  UNICEF Innocenti Research Centre. http://pages.ucsd.edu/~gmackie/documents/UNICEF.pdf
@article {MackLeJe08,
	author = {{Mackie, Gerry, and John LeJeune}},
	year = {2008},
	title = {Social Dynamics of Abandonment of Harmful Practices: A new look at the theory. Innocenti Working Paper No. XXX.},
	publisher = "UNICEF Innocenti Research Centre",
	address = "Florence",
}

Mali 2006. Calverton, Maryland, USA : CPS/DNSI et Macro International Inc.
@book {MLBS07,
	author = {{Cellule de Planification et de Statistique du Ministère de la Santé (CPS/MS), Direction Nationale de la 
Statistique et de l’Informatique du Ministère de l’Économie, de l’Industrie et du Commerce 
(DNSI/MEIC) et Macro International Inc}},
	year = {2007},
	title = {Enquête Démographique et de Santé du Mali 2006},
	publisher = "CPS/DNSI et Macro International Inc",
	address = "Calverton, Maryland, USA",
}

Meyers, Diana Tietjens. (2000) [Article Stable URL: http://dx.doi.org/10.1111/1467-9973.00164]
@article {Meye00,
	author = {{Meyers, Diana Tietjens}},
	year = {Oct 2000},
	title = {Feminism and Women's Autonomy: the Challenge of Female Genital Cutting.},
	journal = {Metaphilosophy},
	volume = {31},
	number = {5},
	pages = {469-91},
}

Mockus, A., ‘Co-existence as Harmonization of Law, Morality and Culture’, Prospects, vol. 32, no. 1, 2002, pp. 19-37.
@article {Mock02,
	author = {{Mockus, Antanas}},
	year = {2002},
	title = {Co-existence as Harmonization of Law, Morality and Culture},
	journal = {Prospects},
	volume = {32},
	number = {1},
	pages = {19-37},
}

Morrison, Barbara S. "Feminist Theory and the Practice of Female Genital Mutilation (FGM).https://uuair.lib.utsunomiya-u.ac.jp/dspace/bitstream/10241/6361/1/kokusai26-013.pdf
@article {Morr08,
	author = {{Morrison, Barbara S}},
	year = {2008},
	title = {Feminist Theory and the Practice of Female Genital Mutilation (FGM)},
	volume = {26},
	pages = {125-130},
}
	journal = {宇都宮大学国際学部研究論集},

Female Genital Mutilation: A Literature Review of the Current Status of Legislation and Policies in 27 African Countries and Yemen Jane Muthumbi1*, Joar Svanemyr1 , Elisa Scolaro2 , Marleen Temmerman3 and Lale Say
@article {MuthSvan15,
	author = {{Yemen Jane Muthumbi1*, Joar Svanemyr1 , Elisa Scolaro2 , Marleen Temmerman3 and Lale Say}},
	year = {2015},
	title = {Female Genital Mutilation: A Literature Review of the Current Status of Legislation and Policies in 27 African Countries and Yemen},
	journal = {African Journal of Reproductive Health},
	volume = {19},
	number = {3},
	pages = {32-40},
}

Mutua, Makau.  2002 Human Rights: A Political and Cultural Critique. Philadelphia:  University of Pennsylvania Press.

Natsoulas, Theodore, The Politicization of the Ban of Female Circumcision and the Rise of the Independent School Movement in Kenya* 
@article {Nats98,
	author = {{Natsoulas, Theodore.}},
	year = {1998},
	title = {The Politicization of the Ban of Female Circumcision and the Rise of the Independent School Movement in Kenya: The KCA, the missions and government, 1929-1932.},
	journal = {Journal of Asian and African Studies},
	volume = {33},
	number = {2},
	pages = {137-158},
}

[http://www.nytimes.com/2010/10/24/magazine/24FOB-Footbinding-t.html?_r=3&pagewanted=1&sq=tostan&st=cse&scp=1 the art of social change] in The New York Times

National Population Commission (NPC) [Nigeria] and ICF Macro. 2009. Nigeria Demographic and Health Survey 2008. Abuja, Nigeria: National Population Commission and ICF Macro.
@book {NGBS09,
	author = {{National Population Commission (NPC) [Nigeria] and ICF Macro}},
	year = {2009},
	title = {Nigeria Demographic and Health Survey 2008},
	publisher = "National Population Commission (Nigeria) and ICF Macro",
	address = "Calverton, Maryland",
}

Obiora LA. Bridges and barricades: rethinking polemics and intransigence in the campaign against female circumcision. Case Western Law Rev. 1997;47(2):275–378.
@article {Obio97,
	author = {{Obiora LA.}},
	year = {1997},
	title = {Bridges and barricades: rethinking polemics and intransigence in the campaign against female circumcision},
	journal = {Case Western Law Rev},
	volume = {47},
	number = {2},
	pages = {275–378},
}

Wairimũ Ngaruiya Njambi  Dualisms and female bodies in representations of African female circumcision: A feminist critique  doi:10.1177/1464700104040811
@article {Njam04,
	author = {{Wairimu Ngaruiya Njambi}},
	year = {2004},
	title = {Dualisms and female bodies in representations of African female circumcision: A feminist critique},
	journal = {Feminist Theory},
	volume = {5},
	pages = {281-303},
}

Ortner, Sherry B. [http://www.jstor.org/stable/3177536 The Virgin and the State]
@article {Ortn78,
	author = {{Sherry B. Ortner}},
	year = {Oct 1978},
	title = {The Virgin and the State.},
	journal = {Feminist Studies},
	volume = {4},
	number = {3},
	pages = {19-35},
}

Putman: http://search1.scholarsportal.info.libaccess.lib.mcmaster.ca/ids70/view_record.php?id=8&recnum=3&log=from_res&SID=e25fc701fb552aab7f92bccbbe1d1413&mark_id=search%3A8%3A50%2C0%2C10 The vagueness of "traditions" and pain and suffering of children]

Luke Rendell; ets.  Cognitive culture: theoretical and empirical insights into social learning strategies. [http://resolver.scholarsportal.info/resolve/13646613/v15i0002/68_cctaeiisls]
@article {RendFoga11,
	author = {{Luke Rendell; Laurel Fogarty; William J.E. Hoppitt; Thomas J.H. Morgan; Mike M. Webster; Kevin N. Laland.}},
	year = {2011},
	title = {Cognitive culture: theoretical and empirical insights into social learning strategies.},
	journal = {Trends in Cognitive Sciences},
	volume = {15},
	number = {2},
	pages = {68-76},
}

E. M. Rogers, Diffusion of Innovation, Free Press, New York, NY, USA, 1962
@book {Roge62,
	author = {{E.M. Rogers}},
	year = {1962},
	title = {Diffusion of Innovation.},
	publisher = "Free Press",
	address = "New York, NY, USA",
}

Renne:  [http://search1.scholarsportal.info.libaccess.lib.mcmaster.ca/ids70/view_record.php?id=8&recnum=5&log=from_res&SID=e25fc701fb552aab7f92bccbbe1d1413&mark_id=search%3A8%3A50%2C0%2C10 The production of knowledge on female circumcision in Africa]

L’Agence Nationale de la Statistique and ICF International. 2012. 2010-11 Senegal Demographic and Health and 
Multiple Indicators Survey: Key Findings. Calverton, Maryland, USA: ANSD and ICF International.
@book {Sene12,
	author = {{L’Agence Nationale de la Statistique and ICF International}},
	year = {2012},
	title = {L’Agence Nationale de la Statistique and ICF International. 2012. 2010-11 Senegal Demographic and Health and  Multiple Indicators Survey: Key Findings.},
	publisher = "ANSD and ICF International",
	address = "Calverton, Maryland, USA",
}

[http://libaccess.mcmaster.ca.libaccess.lib.mcmaster.ca/login?url=http://search.proquest.com.libaccess.lib.mcmaster.ca/docview/61681990?accountid=12347 Shell-Duncan, Bettina]  
@book {Shel08,
	author = {{Shell-Duncan}},
	year = {2008},
	title = {From Health to Human Rights: Female Genital Cutting and the Politics of Intervention.},
	journal = {American Anthropologist},
	volume = {110},
	number = {2},
	pages = {225-236},
}

Shell-Duncan, B., Wander, K., Hernlund, Y. and Moreau, A. (2013), Legislating Change? Responses to Criminalizing Female Genital Cutting in Senegal. Law & Society Review, 47: 803–835. doi: 10.1111/lasr.12044
@article {ShelWand13,
	author = {{Shell-Duncan, B., Wander, K., Hernlund, Y. and Moreau, A.}},
	year = {2013},
	title = {Legislating Change? Responses to Criminalizing Female Genital Cutting in Senegal.},
	journal = {Law \& Society Review},
	volume = {47},
	pages = {803–835},
}

Shell-Duncan, Bettina and Ylva Hernlund. 2000. "Female ‘Circumcision’ in Africa: Dimensions of the Practice and Debates." Pp. 1–40 in Female "Circumcision" in Africa: Culture, Controversy, and Change, edited by Bettina Shell-Duncan and Ylva Hernlund. Boulder, CO: Lynne Riener. 
@article {ShelHern00,
	author = {{Shell-Duncan, B., and Hernlund, Ylva.}},
	year = {2000},
	title = {Female ‘Circumcision’ in Africa: Dimensions of the Practice and Debates.},
	incollection = "Female Circumcision in Africa: Culture, Controversy, and Change",
	editors = "Bettina Shell-Duncan and Ylva Hernlund",
	publisher = "Lynne Riener",
	address = "Boulder, CO",
	pages = "1--40"
}

Statistics Sierra Leone (SSL) and ICF Macro. 2009. Sierra Leone Demographic and Health Survey 2008.
@book {SLBS09,
	author = {{Statistics Sierra Leone (SSL) and ICF Macro}},
	year = {2008},
	title = {Statistics Sierra Leone (SSL) and ICF Macro. 2009. Sierra Leone Demographic and Health Survey 2008},
	publisher = "Statistics Sierra Leone (SSL) and ICF Macro.",
	address = "Calverton, Maryland, USA",
}

Deborah J. Terry, Michael A. Hogg, Group Norms and the Attitude-Behavior Relationship:A  Role for Group Identification
@article {TerrHogg96,
	author = {{Deborah J. Terry, Michael A. Hogg}},
	year = {1996},
	title = {Group Norms and the Attitude-Behavior Relationship:A  Role for Group Identification},
	journal = {Personality and Social Psychology Bulletin},
	volume = {22},
	number = {8},
	pages = {776-793},
}

A Comparison of the Theory of Planned Behavior and the Theory of Reasoned Action
Thomas J. Madden, Pamela Scholder Ellen, Icek Ajzen.  Personality and Social Psychology Bulletin 18(1):3-9
@article {ThomMadd92,
	author = {{Thomas J. Madden, Pamela Scholder Ellen, Icek Ajzen}},
	year = {1992},
	title = {A Comparison of the Theory of Planned Behavior and the Theory of Reasoned Action},
	journal = {Personality and Social Psychology Bulletin},
	volume = {18},
	number = {1},
	pages = {3-9},
}

Toubia, Nahid. (1995). Female Genital Mutilation: A Call for GlobalAction. New York: RAINBO

Toubia, N. (1999) Caring for Women with Circumcision. New York: RAINBO.
@book {Toub99,
	author = {{Toubia, N.}},
	year = {Mar 2004},
	title = {Caring for Women with Circumcision.},
	address = "New York.",
	publisher = "RAINBO"
}

[http://www.tostan.org/ Tostan] a community-led development (movement).  Female genital cutting is one of their main concern.  To look at their website for projects on how Senegal has been making progress on stopping FGC and expects to end it by 2015.  [http://en.wikipedia.org/wiki/Molly_Melching Molley Melching] is a founder of Tostan. http://www.tostan.org/stories/movement-abandon-fgc* 

[http://www.tostan.org/web/page/644/sectionid/548/pagelevel/3/interior.asp | Tostan] Female Genital Cutting (FGC).  Retrieved on December 4, 2012.* 


@book {UNFP11,
	author = {{UNFPA-UNICEF JOINT PROGRAMME}},
	year = {2011},
	title = {UNFPA-UNICEF JOINT PROGRAMME ON FEMALE GENITAL MUTILATION/CUTTING. Accelerating Change Annual Report 2011.},
	publisher = "UNFPA-UNICEF JOINT PROGRAMME",
}

2015 Annual Report of the UNFPA-UNICEF Joint Programme on Female Genital Mutilation/Cutting [https://www.unfpa.org/publications/2015-annual-report-unfpa-unicef-joint-programme-female-genital-mutilationcutting  2015 Annual Report of the UNFPA-UNICEF Joint Programme on Female Genital Mutilation/Cutting],
@book {UNFP16,
	author = {{UNFPA-UNICEF JOINT PROGRAMME}},
	year = {2016},
	title = {2015 Annual Report of the UNFPA-UNICEF Joint Programme on Female Genital Mutilation/Cutting.},
	publisher = "UNFPA and UNICEF",
}

https://www.unfpa.org/sites/default/files/pub-pdf/FGMC-humanrights.pdf
Implementation of the International and Regional Human Rights Framework for the Elimination of Female Genital Mutilation, UNFPA, 2014. 
@article {UNPF14,
	author = {{UNFPA}},
	year = {2014},
	title = {Implementation of the International and Regional Human Rights Framework for the Elimination of Female Genital Mutilation.},
	publisher = "United Nations Population Fund.",
	address = "New York",
}

UN Integrated Regional Information Networks (IRIN) http://www.afrika.no/Detailed/19617.html

United Nations Children’s Fund, Female Genital Mutilation/Cutting: A global concern, UNICEF, New York, 2016. https://data.unicef.org/wp-content/uploads/2016/04/FGMC-2016-brochure_250.pdf
@article {UNIC16,
	author = {{UNICEF}},
	year = {2016},
	title = {United Nations Children’s Fund, Female Genital Mutilation/Cutting: A global concern.},
	publisher = "UNICEF",
	address = "New York. Access 21 March 21 2019",
}

United Nations Children’s Fund (2013). Female Genital Mutilation/Cutting: A statistical overview and exploration of the dynamics of change,
@book {UNIC13,
	author = {{UNICEF}},
	year = {2013},
	title = {Female Genital Mutilation/Cutting: A statistical overview and exploration of the dynamics of change.},
	publisher = "UNICEF",
	address = "New York",
}

UNICEF (2010). [http://www.unicef-irc.org/publications/618 UNICEF (2010) The Dynamics of Social Change: Towards the abandonment of Female Genital Mutila- tion/Cutting in five African Countries. New York. 1–68 p.* 
	author = {{UNIC10}},
	year = {2010},
	title = {CThe Dynamics of Social Change: Towards the abandonment of Female Genital Mutila- tion/Cutting in five African Countries.},
	publisher = "UNICEF Innocenti Research Centre",
	address = "Italy",
}


UNICEF Innocenti Research Centre/Mackie, Gerry (2005). ‚Changing a Harmful Social Convention: Female genital mutilation/cutting, Innocenti Digest No. 12, UNICEF IRC, Florence, 2005.
@article {UNIC05,
	author = {{UNICEF Innocenti Research Centre/Mackie, Gerry}},
	year = {2005},
	title = {Changing a Harmful Social Convention: Female genital mutilation/cutting.},
	journal = {Innocenti Digest},
	volume = {12},
	pages = {12},
}

Wade, L. (2011). The politics of acculturation: Female genital cutting and the challenge of building multicultural democracies. doi:http://dx.doi.org/10.1525/sp.2011.58.4.518
@article {Wade11,
	author = {{Wade}},
	year = {2013},
	title = {The politics of acculturation: Female genital cutting and the challenge of building multicultural democracies.},
	journal = {Social Problems},
	volume = {58},
	number = {4},
	pages = {518-537},
}

Ronald L. Wasserstein , Nicole A. Lazar  The ASA's statement on p-values: context, process, and purpose
The American Statistician 
@book{WassLaza16,
	author = {{Ronald L. Wasserstein , Nicole A. Lazar .}},
	year = {2016},
	title = {The ASA's statement on p-values: context, process, and purpose},
	publisher = "The American Statistician, Taylor \& Francis",
	address = "New York",
}

Watson:  [http://www.sciencedirect.com/science?_ob=ArticleURL&_udi=B6W64-4GY86YX-2&_user=1067350&_coverDate=12%2F31%2F2005&_rdoc=1&_fmt=high&_orig=search&_origin=search&_sort=d&_docanchor=&view=c&_searchStrId=1587780988&_rerunOrigin=google&_acct=C000051241&_version=1&_urlVersion=0&_userid=1067350&md5=c8d108c67180fd6b9beddbde65cf2bcb&searchtype=a FGC from Africa to Americans]

Wilson, Ann-Marie. (2013) [http://dx.doi.org/10.1080/09589236.2012.681182]
@article {Wils13,
	author = {{Wilson, Ann-Marie}},
	year = {2013},
	title = {How the methods used to eliminate foot binding in
China can be employed to eradicate female genital mutilation.},
	journal = {Journal of Gender Studies},
	volume = {22},
	number = {1},
	pages = {17-37},
}

Winterbottom, Anna; Jonneke Koomen and Gemma Burford. (2009) [Article Stable URL: http://www.jstor.org/stable/27667422]
@article {WintKoom09art,
	author = {{Winterbottom, Anna; Jonneke Koomen and Gemma Burford}},
	year = {2009},
	title = {Female Genital Cutting: Cultural Rights and Rites of Defiance in Northern Tanzania.},
	journal = {African Studies Association},
	volume = {52},
	number = {1},
	pages = {47-71},
}

World Health Organization:  [http://www.who.int/topics/female_genital_mutilation/en/ WHO FGC main page]

World Health Organization:  Classification of female genital mutilation http://www.who.int/reproductivehealth/topics/fgm/overview/en/
@web {WHO14,
	author = {{WHO}},
	year = {2014},
	title = {Classification of female genital mutilation.},
	publisher = "World Health Organization, retrieved on Feburary 27, 2014",
}

WHO. (2012) [http://apps.who.int/iris/bitstream/10665/77428/1/WHO_RHR_12.41_eng.pdf?ua=1 Understanding and addressing violence against women: Female genital mutilation] Retrieved on July 20, 2013.
@book {WHO12,
	author = {{WHO}},
	year = {2012},
	title = {Understanding and addressing violence against women: Female genital mutilation.},
	publisher = "World Health Organization 2012",
}

World Health Organization (2010):  Femail Genital Mutilatin.  [http://www.who.int/mediacentre/factsheets/fs241/en/index.html] Retrieved on May 16, 2011.

(WHO) OHCHR, UNAIDS, UNDP, UNECA, UNESCO, UNFPA, UNHCR, UNICEF, UNIFEM, WHO. (2008) [http://www.who.int/reproductivehealth/publications/fgm/9789241596442/en/index.html Eliminating Female genital mutilation An interagency statement]
@book {WHO08,
	author = {{OHCHR, UNAIDS, UNDP, UNECA, UNESCO, UNFPA, UNHCR, UNICEF, UNIFEM, WHO}},
	year = {2008},
	title = {Eliminating Female genital mutilation An interagency statement.},
	publisher = "World Health Organization",
}

World Health Organization (2006.a): [http://www.who.int/medsiacentre/news/releases/2006/pr30/en/index.html New study shows female genital mutilation exposes women and babies to significant risk at childbirth] Retrieved on May 16, 2011.

World Health Organization, UNICEF & United Nations Population Fund. (1997). Female genital mutilation : a joint WHO/UNICEF/UNFPA statement. Geneva : World Health Organization. http://www.who.int/iris/handle/10665/41903
@book {WHO97,
	author = {{World Health Organization, UNICEF & United Nations Population Fund}},
	year = {1997},
	title = {Female genital mutilation : a joint WHO/UNICEF/UNFPA statement.},
	publisher = "World Health Organization",
		address = "Geneva",
}

Woldemicael, Gebremariam (2009). Female Genital Cutting in Contemporary Eritrea: Determinants, Futuress Prospects and Strategies for Eradication.  Eastern Africa Social Science Research Review, vol. 25, no. 2. [http://search3.scholarsportal.info/ids70/view_record.php?id=13&recnum=0&log=from_res&SID=4ec690521881bc2dddac7f082bd7170b&mark_id=citers%3A13%2C0%2C1]


Yoder, P. Stanley, Noureddine Abderrahim, and Arlinda Zhuzhuni. (2004) [Article Stable URL: http://www.jstor.org/stable/27667422],   [[Image:FGC.DHS2004_report.pdf]]

@book {WintKoom09book,
	author = {{Winterbottom, Anna; Jonneke Koomen and Gemma Burford}},
	year = {2009},
	title = {Female Genital Cutting in the Demographic and Health Surveys: A Critical and Comparative Analysis. DHS Comparative Reports No 7.},
	publisher = "Calverton, Maryland: ORC Macro.",
	address = "Washington, DC"
}

[http://libaccess.mcmaster.ca.libaccess.lib.mcmaster.ca/login?url=http://search.proquest.com.libaccess.lib.mcmaster.ca/docview/60092284?accountid=12347 Yount, Kathryn M.]
@article {Youn04,
	author = {{Yount, Kathryn M}},
	year = {Mar 2004},
	title = {Symbolic Gender Politics, Religious Group Identity, and the Decline in Female Genital Cutting in Minya, Egypt.},
	journal = {Social Forces},
	publisher = "Social Forces.",
	volume = {82},
	number = {3},
	pages = {1063-1090},
}

